@article{manzoor2008evaluation,
  title={On the evaluation of quality of context},
  author={Manzoor, A. and Truong, H.L. and Dustdar, S.},
  journal={Smart Sensing and Context},
  pages={140--153},
  year={2008},
  publisher={Springer}
}

@inproceedings{schilit1994context,
  title={Context-aware computing applications},
  author={Schilit, B. and Adams, N. and Want, R.},
  booktitle={Mobile Computing Systems and Applications, 1994. WMCSA 1994. First Workshop on},
  pages={85--90},
  year={1994},
  organization={IEEE}
}

@article{manzoor2009quality,
  title={Quality aware context information aggregation system for pervasive environments},
  author={Manzoor, A. and Truong, H.L. and Dustdar, S.},
  booktitle={Advanced Information Networking and Applications Workshops, 2009. WAINA'09. International Conference on},
  pages={266--271},
  year={2009},
  organization={IEEE}
}

@article{bolchini2009context,
  title={Context information for knowledge reshaping},
  author={Bolchini, C. and Curino, C.A. and Quintarelli, E. and Schreiber, F.A.},
  journal={International Journal of Web Engineering and Technology},
  volume={5},
  number={1},
  pages={88--103},
  year={2009},
  publisher={Inderscience}
}

@article{neisse2008trustworthiness,
  title={Trustworthiness and quality of context information},
  author={Neisse, R. and Wegdam, M. and Van Sinderen, M.},
  booktitle={Young Computer Scientists, 2008. ICYCS 2008. The 9th International Conference for},
  pages={1925--1931},
  year={2008},
  organization={IEEE}
}

@inproceedings{buchholz2003quality,
  title={Quality of context: What it is and why we need it},
  author={Buchholz, T. and K{\"u}pper, A. and Schiffers, M.},
  booktitle={Proceedings of the workshop of the HP OpenView University Association},
  volume={2003},
  year={2003}
}

@inproceedings{sheikh2007middleware,
  title={Middleware support for quality of context in pervasive context-aware systems},
  author={Sheikh, K. and Wegdam, M. and van Sinderen, M.},
  booktitle={Pervasive Computing and Communications Workshops, 2007. PerCom Workshops' 07. Fifth Annual IEEE International Conference on},
  pages={461--466},
  year={2007},
  organization={IEEE}
}

@inproceedings{kim2006quality,
  title={A quality measurement method of context information in ubiquitous environments},
  author={Kim, Y. and Lee, K.},
  booktitle={Hybrid Information Technology, 2006. ICHIT'06. International Conference on},
  volume={2},
  pages={576--581},
  year={2006},
  organization={IEEE}
}

@inproceedings{klein2010time,
  title={Time locality: A novel parameter for quality of context},
  author={Klein, N. and David, K.},
  booktitle={Networked Sensing Systems (INSS), 2010 Seventh International Conference on},
  pages={277--280},
  year={2010},
  organization={IEEE}
}

@inproceedings{brgulja2009measuring,
  title={Measuring the probability of correctness of contextual information in context aware systems},
  author={Brgulja, N. and Kusber, R. and David, K. and Baumgarten, M.},
  booktitle={Dependable, Autonomic and Secure Computing, 2009. DASC'09. Eighth IEEE International Conference on},
  pages={246--253},
  year={2009},
  organization={IEEE}
}

@inproceedings{miron2010modeling,
  title={Modeling and Measuring Quality of Context Information in Pervasive Environments},
  author={Miron, A.D. and Satoh, I. and Gensel, J. and Martin, H. and others},
  booktitle={Advanced Information Networking and Applications (AINA), 2010 24th IEEE International Conference on},
  pages={690--697},
  year={2010},
  organization={IEEE}
}

@inproceedings{agoulmine2011quality,
  title={A Quality-Aware Approach for Resolving Context Conflicts in Context-Aware Systems},
  author={Agoulmine, N. and others},
  booktitle={Embedded and Ubiquitous Computing (EUC), 2011 IFIP 9th International Conference on},
  pages={229--236},
  year={2011},
  organization={IEEE}
}

@article{manzoor2009using,
  title={Using quality of context to resolve conflicts in context-aware systems},
  author={Manzoor, A. and Truong, H.L. and Dustdar, S.},
  journal={Quality of Context},
  pages={144--155},
  year={2009},
  publisher={Springer}
}

@inproceedings{manzoor2009quality,
  title={Quality aware context information aggregation system for pervasive environments},
  author={Manzoor, A. and Truong, H.L. and Dustdar, S.},
  booktitle={Advanced Information Networking and Applications Workshops, 2009. WAINA'09. International Conference on},
  pages={266--271},
  year={2009},
  organization={IEEE}
}

@inproceedings{bu2006managing,
  title={Managing quality of context in pervasive computing},
  author={Bu, Y. and Gu, T. and Tao, X. and Li, J. and Chen, S. and Lu, J.},
  booktitle={Quality Software, 2006. QSIC 2006. Sixth International Conference on},
  pages={193--200},
  year={2006},
  organization={IEEE}
}

@inproceedings{tang2007context,
  title={A context quality model for ubiquitous applications},
  author={Tang, S. and Yang, J. and Wu, Z.},
  booktitle={Network and Parallel Computing Workshops, 2007. NPC Workshops. IFIP International Conference on},
  pages={282--287},
  year={2007},
  organization={IEEE}
}

@techreport{chen2000survey,
  title={A survey of context-aware mobile computing research},
  author={Chen, G. and Kotz, D. and others},
  year={2000},
  institution={Technical Report TR2000-381, Dept. of Computer Science, Dartmouth College}
}

@inproceedings{henricksen2004modelling,
  title={Modelling and using imperfect context information},
  author={Henricksen, K. and Indulska, J.},
  booktitle={Pervasive Computing and Communications Workshops, 2004. Proceedings of the Second IEEE Annual Conference on},
  pages={33--37},
  year={2004},
  organization={IEEE}
}

@article{zimmermann2007operational,
  title={An operational definition of context},
  author={Zimmermann, A. and Lorenz, A. and Oppermann, R.},
  journal={Modeling and using context},
  pages={558--571},
  year={2007},
  publisher={Springer}
}

@article{berkenbrock2007estudo,
  title={Um estudo de simula{\c{c}}{\~a}o para avaliar o tempo de comunica{\c{c}}{\~a}o eo consumo de energia em um ambiente de coopera{\c{c}}{\~a}o m{\'o}vel},
  author={Berkenbrock, C.D.M. and Hirata, C.M.},
  journal={Sistemas \& Gest{\~a}o},
  volume={2},
  number={3},
  pages={303--318},
  year={2007}
}

@article{nazario2012taxonomia,
  title={Taxonomy of publications on Quality of context},
  author={Nazario, D.C. and Dantas, M.A.R. and Todesco, J.L.},
  journal={SBIJOURNAL},
  number={20},
  year={2012}
}

@phdthesis{dey2000providing,
  title={Providing architectural support for building context-aware applications},
  author={Dey, A.K.},
  year={2000},
  school={Georgia Institute of Technology}
}

@mastersthesis{berkenbrock2005cache,
  title={Research and implementation of strategies for notification validation cache coherence in wireless mobile computing environments},
  author={Berkenbrock, C.D.M and Dantas, M.A.R},
  year={2005},
  school={Federal University of Santa Catarina}
}

@article{kim2006impact,
  title={The Impact of Organizational Context and Information Technology on Employee Knowledge-Sharing Capabilities},
  author={Kim, S. and Lee, H.},
  journal={Public Administration Review},
  volume={66},
  number={3},
  pages={370--385},
  year={2006},
  publisher={Wiley Online Library}
}

@inproceedings{pawar2007context,
  title={Context-aware middleware support for the nomadic mobile services on multi-homed handheld mobile devices},
  author={Pawar, Pravin and van Beijnum, B-J and Peddemors, Arjan and van Halteren, Aart},
  booktitle={Computers and Communications, 2007. ISCC 2007. 12th IEEE Symposium on},
  pages={341--348},
  year={2007},
  organization={IEEE}
}

@article{bogorny2008framework,
  title={A framework for context-aware trajectory data mining},
  author={Bogorny, Vania and Wachowicz, Monica},
  journal={Data Mining for Business Applications},
  pages={225--240},
  year={2008},
  publisher={Springer}
}

@article{bellavista2013survey,
  title={A Survey of Context Data Distribution for Mobile Ubiquitous Systems},
  author={BELLAVISTA, PAOLO and CORRADI, ANTONIO and FANELLI, MARIO and FOSCHINI, LUCA},
  journal={ACM Computing Surveys},
  volume={45},
  number={1},
  pages={1--49},
  year={2013}
}

@inproceedings{martin2009generalized,
  title={A generalized context-based access control model for pervasive environments},
  author={Martin, Herv{\'e} and others},
  booktitle={Proceedings of the 2nd SIGSPATIAL ACM GIS 2009 International Workshop on Security and Privacy in GIS and LBS},
  pages={12--21},
  year={2009},
  organization={ACM}
}


@incollection{krause2005challenges,
  title={Challenges in modelling and using quality of context (qoc)},
  author={Krause, Michael and Hochstatter, Iris},
  booktitle={Mobility Aware Technologies and Applications},
  pages={324--333},
  year={2005},
  publisher={Springer}
}

@inproceedings{kjaer2007survey,
  title={A survey of context-aware middleware},
  author={Kj{\ae}r, Kristian Elleb{\ae}k},
  booktitle={Proceedings of the 25th conference on IASTED International Multi-Conference: Software Engineering},
  pages={148--155},
  year={2007},
  organization={ACTA Press}
}

@article{baldauf2007survey,
  title={A survey on context-aware systems},
  author={Baldauf, Matthias and Dustdar, Schahram and Rosenberg, Florian},
  journal={International Journal of Ad Hoc and Ubiquitous Computing},
  volume={2},
  number={4},
  pages={263--277},
  year={2007},
  publisher={Inderscience}
}

@incollection{lester2004you,
  title={“Are You with Me?”--Using Accelerometers to Determine If Two Devices Are Carried by the Same Person},
  author={Lester, Jonathan and Hannaford, Blake and Borriello, Gaetano},
  booktitle={Pervasive computing},
  pages={33--50},
  year={2004},
  publisher={Springer}
}