@article{silva2016restiot,
  title={Design and Evaluation of a Services Interface for the Internet of Things},
  author={de Melo Silva, Caio C{\'e}sar and Ferreira, Hiro Gabriel Cerqueira and de Sousa J{\'u}nior, Rafael Tim{\'o}teo and Buiati, F{\'a}bio and Villalba, Luis Javier Garc{\'\i}a},
  journal={Wireless Personal Communications},
  pages={1--38},
  publisher={Springer}
}
